<?xml version="1.0" encoding="UTF-8"?>
<record xmlns="http://www.loc.gov/MARC21/slim" xmlns:xsi="http://www.w3.org/2001/XMLSchema-instance" xsi:schemaLocation="http://www.loc.gov/MARC21/slim http://www.loc.gov/standards/marcxml/schema/MARC21slim.xsd">
<leader>     nam a2200217   4500</leader>
<controlfield tag="001">001677486</controlfield>
<controlfield tag="003">NNU</controlfield>
<controlfield tag="005">20001218200356.0</controlfield>
<controlfield tag="008">891012s1966    iq            00  0 ara</controlfield>
<datafield tag="010" ind1=" " ind2=" ">
<subfield code="a">ne 66001772</subfield>
</datafield>
<datafield tag="035" ind1="9" ind2=" ">
<subfield code="a">NYUb12220866</subfield>
</datafield>
<datafield tag="035" ind1=" " ind2=" ">
<subfield code="a">(CStRLIN)DCGGB15206506-B</subfield>
</datafield>
<datafield tag="100" ind1="1" ind2=" ">
<subfield code="a">Azharī, Khālid ibn ʻAbd Allāh,</subfield>
<subfield code="d">d. 1499.</subfield>
</datafield>
<datafield tag="245" ind1="1" ind2="0">
<subfield code="a">Sharḥ al-Burdah /</subfield>
<subfield code="c">sharḥ Khālid al-Azharī ʻalá matn al-BUrdah al-Būṣīrīyah fī madḥ khayr al-barrīyah ; qaddama lahu wa-ʻallaqa ʻalayhi Muḥammad ʻAlī Ḥasan ; rājaʻahu Ibrāhīm al-Wāʼīlī.</subfield>
</datafield>
<datafield tag="260" ind1=" " ind2=" ">
<subfield code="a">Baghdād :</subfield>
<subfield code="b">Maktabat al-Andalus,</subfield>
<subfield code="c">1966.</subfield>
</datafield>
<datafield tag="300" ind1=" " ind2=" ">
<subfield code="a">160 p. ;</subfield>
<subfield code="c">25 cm.</subfield>
</datafield>
<datafield tag="600" ind1="1" ind2="0">
<subfield code="a">Būṣīrī, Sharaf al-Dīn Muḥammad ibn Saʻīd,</subfield>
<subfield code="d">1213?-1296?</subfield>
<subfield code="t">Burdah.</subfield>
</datafield>
<datafield tag="OWN" ind1=" " ind2=" ">
<subfield code="a">GENERAL</subfield>
</datafield>
<datafield tag="950" ind1=" " ind2=" ">
<subfield code="l">BMAIN</subfield>
<subfield code="a">BP89</subfield>
<subfield code="b">.A9</subfield>
</datafield>
<datafield tag="955" ind1=" " ind2=" ">
<subfield code="l">BMAIN</subfield>
<subfield code="c">1</subfield>
<subfield code="r">028233479</subfield>
</datafield>
<datafield tag="955" ind1=" " ind2=" ">
<subfield code="l">BMAIN</subfield>
<subfield code="c">2</subfield>
<subfield code="r">028233461</subfield>
</datafield>
<datafield tag="955" ind1=" " ind2=" ">
<subfield code="l">BMAIN</subfield>
<subfield code="c">3</subfield>
<subfield code="r">007236626</subfield>
</datafield>
<datafield tag="998" ind1=" " ind2=" ">
<subfield code="s">9115</subfield>
</datafield>
<datafield tag="AVA" ind1=" " ind2=" ">
<subfield code="a">NYU50</subfield>
<subfield code="b">BOBST</subfield>
<subfield code="c">Main Collection</subfield>
<subfield code="d">BP89 .A9</subfield>
<subfield code="e">unavailable</subfield>
<subfield code="t">Unavailable</subfield>
<subfield code="f">1</subfield>
<subfield code="g">1</subfield>
<subfield code="h">N</subfield>
<subfield code="i">0</subfield>
<subfield code="j">MAIN</subfield>
<subfield code="k">0</subfield>
</datafield>
</record>
